
@article{rachoork2025polyglot,
  author       = {Rachoork},
  title        = {Polyglot Persistence: A Strategic Approach to Modern Data Architecture},
  journal      = {Medium},
  year         = {2025},
  month        = {Sep},
  url          = {https://medium.com/@rachoork/polyglot-persistence-a-strategic-approach-to-modern-data-architecture-e2a4f957f50b},
  note         = {Accessed: 2025-10-20}
}

@online{geeksforgeeks2025threeTier,
  author       = {GeeksforGeeks},
  title        = {Introduction of 3-Tier Architecture in DBMS: Set 2},
  year         = {2025},
  url          = {https://www.geeksforgeeks.org/dbms/introduction-of-3-tier-architecture-in-dbms-set-2/},
  note         = {Accessed: 2025-10-17}
}

@online{cfi2025businessModelCanvas,
  author       = {CFI Team},
  title        = {Business Model Canvas Examples: Automobile & Amazon Case Studies},
  year         = {2025},
  url          = {https://corporatefinanceinstitute.com/resources/management/business-model-canvas-examples/},
  note         = {Accessed: 2025-10-05}
}

@manual{postgresql2025ltree,
  author       = {The PostgreSQL Global Development Group},
  title        = {PostgreSQL 18 Documentation: ltree â€” hierarchical tree-like data type},
  organization = {PostgreSQL},
  year         = {2025},
  url          = {https://www.postgresql.org/docs/current/ltree.html},
  note         = {Accessed: 2025-10-18}
}